@misc{ECCCE.jl,
	author  = {Patrick Altmeyer},
	title   = {ECCCE.jl},
	url     = {https://github.com/pat-alt/ECCCE.jl},
	version = {v0.1.0},
	year    = {2023},
	month   = {2}
}
